%\bibitem{Mikhlin}
%    Soloman G. Mikhlin,
%    \emph{On the multipliers of {Fourier} integrals},
%    Dokl. Akad. Nauk,
%    1956.

%\bibitem{Sogge}
%    Christopher Sogge,
%    \emph{Oscillatory Integrals and Spherical Harmonics},
%    1985.

@article {SoggeSphericalHarmonics,
    AUTHOR = {Sogge, Christopher D.},
     TITLE = {Oscillatory integrals and spherical harmonics},
   JOURNAL = {Duke Math. J.},
  FJOURNAL = {Duke Mathematical Journal},
    VOLUME = {53},
      YEAR = {1986},
    NUMBER = {1},
     PAGES = {43--65}
}

@book {SoggeHangzhou,
    author = {Sogge, Christopher D.},
    title = {{H}angzhou Lectures on Eigenfunctions of the {L}aplacian},
    series = {Annals of Mathematics Studies},
    volume = {188},
    publisher = {{P}rinceton University Press, {P}rinceton, NJ},
    year = {2014}
}

@book {TaoDispersive,
    author = {Tao, Terence},
    title = {Nonlinear Dispersive Equations},
    series = {CBMS Regional Conference Series in Mathematics},
    volume = {106},
    year = {2006},
    publisher = {Conference Board of the Mathematical Sciences, {W}ashington, DC; by the {A}merican Mathematical Society, {P}rovidence, RI}
}

@book{spivakvol4,
    AUTHOR = {Spivak, Michael},
     TITLE = {A comprehensive introduction to differential geometry. {V}ol. {IV}},
    edition = {Second},
 PUBLISHER = {Publish or Perish, Inc., Wilmington, DE},
      YEAR = {1979}
}

@article{PeetreDiff,
    AUTHOR = {Peetre, Jaak},
     TITLE = {Une caract\'erisation abstraite des op\'erateurs
              diff\'erentiels},
   JOURNAL = {Math. Scand.},
    VOLUME = {7},
      YEAR = {1959},
     PAGES = {211--218}
}

@article {BonamiClerc,
    AUTHOR = {Bonami, Aline and Clerc, Jean-Louis},
     TITLE = {Sommes de {C}es\`aro et multiplicateurs des d\'eveloppements
              en harmoniques sph\'eriques},
   JOURNAL = {Trans. Amer. Math. Soc.},
  FJOURNAL = {Transactions of the American Mathematical Society},
    VOLUME = {183},
      YEAR = {1973},
     PAGES = {223--263}
}

@incollection{HormanderRiesz,
    AUTHOR = {H\"ormander, Lars},
     TITLE = {On the {R}iesz means of spectral functions and eigenfunction
              expansions for elliptic differential operators},
 BOOKTITLE = {Some Recent Advances in the Basic Sciences, Vol. 2
              (Proc. Annual Sci. Conf., {B}elfer Grad. School
              Sci., {Y}eshiva Univ., {N}ew {Y}ork, 1965-1966)},
     PAGES = {155--202},
 PUBLISHER = {{Y}eshiva University, {B}elfer Graduate School of Science, New
              York},
      YEAR = {1969}
}

@article {SoggeSpectralClusters,
    AUTHOR = {Sogge, Christopher D.},
     TITLE = {Concerning the {$L^p$} norm of spectral clusters for
              second-order elliptic operators on compact manifolds},
   JOURNAL = {J. Funct. Anal.},
  FJOURNAL = {Journal of Functional Analysis},
    VOLUME = {77},
      YEAR = {1988},
    NUMBER = {1},
     PAGES = {123--138}
}

@article{SoggeRieszMeans,
    author = {Sogge, Christopher D.},
    title = {On the Convergence of {R}iesz Means on Compact Manifolds},
    journal = {Ann. of Math. (2)},
    volume = {126},
    number = {3},
    year = {1987},
    pages = {439-447}
}

@article {ChristandSogge,
    AUTHOR = {Christ, F. M. and Sogge, C. D.},
     TITLE = {The weak type {$L^1$} convergence of eigenfunction expansions
              for pseudodifferential operators},
   JOURNAL = {Invent. Math.},
  FJOURNAL = {Inventiones Mathematicae},
    VOLUME = {94},
      YEAR = {1988},
    NUMBER = {2},
     PAGES = {421--453}
}

@article {SeegerSoggeBochnerRiesz,
    AUTHOR = {Seeger, A. and Sogge, C. D.},
     TITLE = {Bounds for eigenfunctions of differential operators},
   JOURNAL = {Indiana Univ. Math. J.},
  FJOURNAL = {Indiana University Mathematics Journal},
    VOLUME = {38},
      YEAR = {1989},
    NUMBER = {3},
     PAGES = {669--682}
}

@book{Arnold,
    author = {Arnol'd, Vladimir I.},
    title = {Mathematical Methods of Classical Mechanics},
    year = {1989},
    publisher = {Springer-Verlag, New York},
    volume = {60},
    edition = {Second},
    note = {Translated from the Russian by K. Vogtmann and A. Weinstein},
    series = {Graduate Texts in Mathematics}
}

@book{Folland,
    author = {Folland, Gerald},
    title = {A Course in Abstract Harmonic Analysis},
    year = {1995},
    publisher = {CRC Press, Boca Raton, FL},
    series = {Studies in Advanced Mathematics}
}

@article{Matsumoto,
    author = {Matsumoto, Makoto},
    title = {A Slope of a Mountain is a {F}insler Surface With Respect to a Time Measure},
    journal = {J. Math. Kyoto Univ.},
    volume = {29},
    year = {1989},
    pages = {17-25}
}

@book{RudinFunc,
    AUTHOR = {Rudin, Walter},
     TITLE = {Functional analysis},
    SERIES = {McGraw-Hill Series in Higher Mathematics},
 PUBLISHER = {McGraw-Hill Book Co., New York-D\"usseldorf-Johannesburg},
      YEAR = {1973}
}

@book{Treves2,
    author = {Treves, Fran√ßois},
    year = {1980},
    title = {Introduction to Pseudodifferential and {F}ourier Integral Operators. {V}ol. 2},
    publisher = {Plenum Press, New York - London},
    series = {University Series in Mathematics}
}

@book{Besse,
    author = {Besse, Arthur L.},
    title = {Manifolds All of Whose Geodesics Are Closed},
    year = {1978},
    publisher = {Springer-Verlag, Berlin - New York},
    volume = {93},
    series = {Ergebnisse der Mathematik und ihrer Grenzgebiete},
    note = {With appendices by D. B. A. Epstein, J.-P. Bourguignon, L.
              B\'erard-Bergery, M. Berger and J. L. Kazdan}
}

@book{SteinWeiss,
    author = {Stein, Elias M. and Weiss, Guido},
    year = {1971},
    title = {Introduction to {F}ourier Analysis on {E}uclidean Spaces},
    publisher = {Princeton University Press, Princeton, NJ},
    series = {Princeton Mathematical Series},
    volume = {32}
}

@book{BigStein,
    author = {Stein, Elias M.},
    year = {1993},
    title = {Harmonic analysis: real-variable methods, orthogonality, and oscillatory integrals},
    publisher = {Princeton University Press, Princeton, NJ},
    series = {Princeton Mathematical Series},
    volume = {43}
}

@article{Hormander1,
    author = {H\"{o}rmander, Lars},
    title = {Estimates For Translation Invariant Operators In {$L^p$} Spaces},
    journal = {Acta Math.},
    volume = {104},
    number = {1-2},
    year = {1960},
    pages = {93-140}
}

@article{HormanderSpectral,
    author = {H\"{o}rmander, Lars},
    title = {The Spectral Function Of An Elliptic Operator},
    journal = {Acta Math.},
    volume = {121},
    year = {1968},
    pages = {193-218}
}

@book{HeinzHopf,
    author = {Hopf, Heinz},
    title = {Differential Geometry In The Large},
    year = {1983},
    publisher = {Springer-Verlag, Berlin},
    volume = {1000},
    series = {Lectures Notes in Mathematics}
}

@book{BaoChern,
    author = {Bao, D. and Chern S.-S. and Shen Z.},
    title = {An Introduction to {R}iemann-{F}insler Geometry},
    year = {2000},
    publisher = {Springer-Verlag, New York},
    volume = {200},
    series = {Graduate Texts in Mathematics}
}

@article{deLeeuw,
    author = {de Leeuw, Karel},
    title = {On $L_p$ Multipliers},
    journal = {Ann. of Math. (2)},
    volume = {81},
    number = {2},
    year = {1965},
    pages = {364-379}
}

@article{Seeley,
    author = {Seeley, Robert Thomas},
    title = {Complex Powers Of An Elliptic Operator},
    journal = {Proc. Symp. Pure Math.},
    volume = {10},
    year = {1967},
    pages = {288-307}
}

@article{Fefferman,
    author = {Fefferman, Charles},
    title = {The Multiplier Problem For The Ball},
    journal = {Ann. of Math. (2)},
    volume = {94},
    number = {2},
    year = {1971},
    pages = {330-336}
}

@article{Mitjagin,
    author = {Mitjagin, Boris S.},
    title = {Divergenz von Spektralentwicklungen in {$L_p$}-R\"{a}umen},
    journal = {Internat. Ser. Numer. Math.},
    volume = {25},
    year = {1974},
    pages = {521-530}
}

@article{Peetre,
    author = {Peetre, Jaak},
    title = {On Spaces of {T}riebel-{L}izorkin Type},
    journal = {Ark. Math.},
    volume = {13},
    year = {1975},
    pages = {123-130}
}

@article{KenigStantonTomas,
    author = {Kenig, Carlos E. and Stanton, Robert J. and Tomas, Peter A.},
    title = {Divergence of Eigenfunction Expansions},
    journal = {J. Funct. Anal.},
    volume = {46},
    number = {1},
    year = {1982},
    pages = {28-44}
}

@article{Dappa,
    author = {Dappa, Henry},
    title = {Quasi-Radial Multipliers},
    journal = {Studia Math.},
    volume = {84},
    number = {1},
    year = {1986},
    pages = {1-24}
}

@article{SeegerSingular,
    author = {Seeger, Andreas},
    title = {Some Inequalities for Singular Convolution Operators in $L^p$-Spaces},
    journal = {Trans. Amer. Math. Soc.},
    volume = {308},
    number = {1},
    year = {1988},
    pages = {259-272}
}

@article{SeegerSoggeStein,
    author = {Seeger, Andreas and Sogge, Christopher D. and Stein, Elias M.},
    title = {Regularity Properties of {F}ourier Integral Operators},
    journal = {Ann. of Math. (2)},
    volume = {134},
    number = {2},
    year = {1991},
    pages = {231-251}
}

@article{SeegerSogge,
    author = {Seeger, Andreas and Sogge, Christopher D.},
    title = {On the Boundedness of Functions of (Pseudo-) Differential Operators on Compact Manifolds},
    journal = {Duke Math J.},
    volume = {59},
    number = {3},
    year = {1989},
    pages = {709-736}
}

@article{SeegerRemarks,
    author = {Seeger, Andreas},
    title = {Remarks on Singular Convolution Operators},
    journal = {Studia Math.},
    volume = {97},
    number = {2},
    year = {1990},
    pages = {91-114}
}

@article{Minicozzi,
    author = {Minicozzi, William P. and Sogge, Christopher D.},
    title = {Negative Results for {N}ikodym Maximal Functions and Related Oscillatory Integrals in Curved Spaces},
    journal = {Math. Res. Lett.},
    volume = {4},
    number = {2},
    year = {2000},
    pages = {221-237}
}

@article{Tao,
    author = {Tao, Terence},
    title = {The {B}ochner-{R}iesz Conjecture Implies the Restriction Conjecture},
    journal = {Duke Math. J.},
    volume = {96},
    number = {1},
    year = {1999},
    pages = {363-375}
}

@article{GarrigosandSeeger,
    author = {Garrig\'{o}s, Gustavo and Seeger, Andreas},
    title = {Characterizations of {H}ankel Multipliers},
    journal = {Math. Ann.},
    volume = {342},
    number = {1},
    year = {2008},
    pages = {31-68}
}

@article{HeoandNazarovandSeeger,
    author = {Heo, Yaryong and Nazarov, Fedor and Seeger, Andreas},
    title = {Radial {F}ourier Multipliers in High Dimensions},
    journal = {Acta Math.},
    volume = {206},
    number = {1},
    year = {2011},
    pages = {55-92}
}

@article{HeoandNazarovandSeeger2,
    author = {Heo, Yaryong and Nazarov, Fedor and Seeger, Andreas},
    title = {On Radial and Conical {F}ourier Multipliers},
    journal = {J. Geom. Anal.},
    volume = {21},
    number = {1},
    year = {2011},
    pages = {96-117}
}

@article{BourgainandGuth,
    author = {Bourgain, Jean and Guth, Larry},
    title = {Bounds on Oscillatory Integral Operators Based on Multilinear Estimates},
    journal = {Geom. Funct. Anal.},
    volume = {21},
    number = {6},
    year = {2011},
    pages = {1239-1295}
}

@book{Hormander3,
    author = {H\"{o}rmander, Lars},
    title = {The Analysis of Linear Partial Differential Operators. {III}: Pseudo-Differential Operators},
    year = {1985},
    publisher = {Springer-Verlag, Berlin},
    series = {Grundlehren der mathematischen Wissenschaften},
    volume = {274}
}

@book{Taylor,
    author = {Taylor, Michael E.},
    title = {Partial Differential Equations},
    year = {1996},
    publisher = {Springer-Verlag, New York},
    series = {Texts in Applied Mathematics},
    volume = {23} 
}

@book{Hormander4,
    author = {H\"{o}rmander, Lars},
    title = {The Analysis of Linear Partial Differential Operators. {IV}: {F}ourier Integral Operators},
    year = {1985},
    publisher = {Springer-Verlag, Berlin},
    series = {Grundlehren der mathematischen Wissenschaften},
    volume = {275}
}

@article{HeoandYang,
    author = {Heo, Yaryong and Yang, Chan Woo},
    title = {Local Smoothing Estimates for some Half-Wave Operators},
    journal = {J. Math. Anal. Appl.},
    volume = {381},
    number = {2},
    year = {2011},
    pages = {573-581}
}

@article{Zahl2,
    author = {Zahl, Joshua},
    title = {On the {W}olff Circular Maximal Function},
    journal = {Illinois J. Math.},
    volume = {56},
    number = {4},
    year = {2012},
    pages = {1281-1295}
}

@article{LeeSeeger,
    author = {Lee, Sanghyuk and Seeger, Andreas},
    title = {{L}ebesgue Space Estimates for a Class of {F}ourier Integral Operators Associated with Wave Propogation},
    journal = {Math. Nachr.},
    volume = {286},
    number = {7},
    year = {2013},
    pages = {745-755}
}

@article{LeeSeeger2,
    author = {Lee, Sanghyuk and Seeger, Andreas},
    title = {On Radial {F}ourier Multipliers and Almost Everywhere Convergence},
    journal = {J. Lond. Math. Soc.},
    volume = {91},
    number = {2},
    year = {2015},
    pages = {105-126}
}

@phdthesis{Alladi,
    author = {Alladi, Sriram},
    year = {2015},
    title = {A Multiplier Theorem for Ultraspherical Polynomials},
    school = {University of Wisconsin-Madison}
}

@article{SeegerEndpointEstimatesMultipliers,
    author = {Seeger, Andreas},
    title = {Endpoint Estimates for Multiplier Transformations on Compact Manifolds},
    journal = {Indiana Univ. Math. J.},
    volume = {40},
    number = {2},
    year = {1991},
    pages = {471-533}
}

@article{KimQuasiradial,
    author = {Kim, Jongchon},
    title = {Endpoint Bounds for Quasiradial {F}ourier Multipliers},
    journal = {Ann. Mat. Pura Appl. (4)},
    volume = {196},
    year = {2017},
    pages = {773-789}
}

@article{Cladek,
    author = {Cladek, Laura},
    title = {Radial {F}ourier Multipliers in {$\mathbb{R}^3$} and {$\mathbb{R}^4$}},
    journal = {Anal. PDE},
    volume = {11},
    number = {2},
    year = {2018},
    pages = {467-498}
}

@article{KimSpectral,
    author = {Kim, Jongchon},
    title = {Endpoint Bounds for a Class of Spectral Multipliers on Compact Manifolds},
    journal = {Indiana Univ. Math. J.},
    volume = {67},
    number = {2},
    year = {2018},
    pages = {937-969}
}

@article{KatzandRogers,
    author = {Katz, Nets Hawk and Rogers, Keith M.},
    title = {On the Polynomial {W}olff Axioms},
    journal = {Geom. Funct. Anal.},
    volume = {28},
    number = {6},
    year = {2018},
    pages = {1706-1716}
}

@InProceedings{BeltranandHickmanandSogge,
    author = {Beltran, David and Hickman, Jonathan and Sogge, Christopher D.},
    title = {Sharp Local Smoothing Estimates for {F}ourier Integral Operators},
    booktitle="Geometric Aspects of Harmonic Analysis",
    year = {2021},
    pages = {29-105}
}

@article{GuthandWangandZhang,
    author = {Guth, Larry and Wang, Hong and Zhang, Ruixiang},
    title = {A Sharp Square Function Estimate for the Cone in {$\mathbb{R}^3$}},
    journal = {Ann. of Math.},
    volume = {192},
    number = {2},
    year = {2020},
    pages = {551-581}
}

@unpublished{Denson,
    author = {Denson, Jacob},
    title = {Multipliers for Spherical Harmonic Expansions},
    howpublished={"\url{https://arxiv.org/abs/2410.23505}"},
    year = {2024},
    note = {ArXiv Preprint}
}

@article{DaiGongGuoZhang,
    author = {Dai, Song and Gong, Liuwei and Zhang, Ruixiang},
    title = {Oscillatory Integral Operators on Manifolds and Related {K}akeya and {N}ikodym problems},
    journal = {Camb. J. Math.},
    volume = {12},
    number = {4},
    year = {2024},
    pages = {937-1015}
}

@article{GuoWangZhang,
    author = {Guo, Shaoming and Wang, Hong and Zhang, Ruixiang},
    title = {A Dichotomy for {H}\"{o}rmander-Type Oscillatory Integral Operators},
    journal = {Invent. Math.},
    volume = {238},
    number = {2},
    year = {2024},
    pages = {503-584}
}

@unpublished{GuoandOhandWangandWuandZhang,
    author = {Guo, Shaoming and Oh, Changkeun and Wang, Hong and Wu, Shukun and Zhang, Ruixiang},
    title = {The {B}ochner-{R}iesz Problem: An Old Approach Revisited},
    howpublished = {"\url{https://arxiv.org/abs/2104.11188}"},
    year = {2021},
    note = {Arxiv Preprint}
}

@article{Zahl,
    author = {Zahl, Joshua},
    title = {Sphere Tangencies, Line Incidences, and {L}ie's Line-Sphere Correspondence},
    journal = {Math. Proc. Cambridge Philos. Soc.},
    volume = {172},
    number = {2},
    year = {2021},
    pages = {1-21}
}











@book{Wolff,
    author = {Wolff, Thomas H.},
    year = {2003},
    title = {Lectures in Harmonic Analysis},
    publisher = {American Mathematical Society, Providence, RI},
    series = {University Lecture Series},
    volume = {29},
    editor = {\L aba, I. and Shubin, C.},
    note = {with a foreword by Fefferman, C. and a preface by
              \L aba, I.}
}

@book{Grafakos,
    author = {Grafakos, Loukas},
    year = {2008},
    title = {Classical {F}ourier Analysis},
    publisher = {Springer, New York},
    series = {Graduate Texts in Mathematics},
    edition = {Second},
    volume = {249}
}

@book{Sepanski,
    author = {Sepanski, Mark R.},
    year = {2007},
    title = {Compact {L}ie Groups},
    publisher = {Springer, New York},
    series = {Graduate Texts in Mathematics},
    volume = {235}
}

@book{GrafakosModern,
    author = {Grafakos, Loukas},
    year = {2009},
    title = {Modern {F}ourier Analysis},
    publisher = {Springer, New York},
    series = {Graduate Texts in Mathematics},
    volume = {250}
}

@book{Sogge,
    author = {Sogge, Christopher D.},
    year = {2017},
    title = {{F}ourier Integrals in Classical Analysis},
    publisher = {Cambridge University Press, Cambridge},
    series = {Cambridge Tracts in Mathematics},
    edition = {Second},
    volume = {210}
}